@article{einstein,
  author =       "Albert Einstein",
  title =        "{Zur Elektrodynamik bewegter K{\"o}rper}. ({German})
                 [{On} the electrodynamics of moving bodies]",
  journal =      "Annalen der Physik",
  volume =       "322",
  number =       "10",
  pages =        "891--921",
  year =         "1905",
  DOI =          "http://dx.doi.org/10.1002/andp.19053221004",
  keywords =     "physics"
}

@book{dirac,
  title={The Principles of Quantum Mechanics},
  author={Paul Adrien Maurice Dirac},
  isbn={9780198520115},
  series={International series of monographs on physics},
  year={1981},
  publisher={Clarendon Press},
  keywords = {physics}
}

@book{latexcompanion,
    author    = "Michel Goossens and Frank Mittelbach and Alexander Samarin",
    title     = "The \LaTeX\ Companion",
    year      = "1993",
    publisher = "Addison-Wesley",
    address   = "Reading, Massachusetts",
    keywords  = "latex"
}
 
@online{knuthwebsite,
    author    = "Donald Knuth",
    title     = "Knuth: Computers and Typesetting",
    url       = "http://www-cs-faculty.stanford.edu/~uno/abcde.html",
    addendum = "(accessed: 01.09.2016)",
    keywords  = "latex,knuth"
}

@inbook{knuth-fa,
   author = "Donald E. Knuth",
   title = "Fundamental Algorithms",
   publisher = "Addison-Wesley",
   year = "1973",
   chapter = "1.2",
   keywords  = "knuth,programming"
}

@book{knuth-acp,
   author = "Donald E. Knuth",
   publisher = "Addison-Wesley",
   title = "The Art of Computer Programming",
   series = "Four volumes",
   year = "1968",
   note = "Seven volumes planned",
   keywords  = "knuth,programming"
}


@article{ProteinKidney,
    title   = "\href{http://www.news.harvard.edu/gazette/2003/03.13/09-kidney.html}{Too much protein may cause reduced kidney function}",
    journal = "The Nutrition Source, Harvard School of Public Health",
    year = "2003"
}
@article{ProteinCancer,
    author = "Jim Dryden",
    title   = "\href{http://news.wustl.edu/news/Pages/8388.aspx}{Does too much protein in the diet increase cancer risk?}",
    journal = "Washington University in St. Louis Newsroom",
    year = "2006"
}
@article{NutsForTheHeart,
    title   = "\href{https://www.hsph.harvard.edu/nutritionsource/nuts-for-the-heart/}{Nuts for the Heart}",
    journal = "Harvard Gazette Archives"
}
@article{EmptyStomachIntelligence,
    author = "Christopher Shea",
    title   = "\href{http://www.nytimes.com/2006/12/10/magazine/10section1C.t-1.html?_r=0}{Empty-Stomach Intelligence}",
    journal = "New York Times",
    year = "2006"
}

@article{CopperBacteria,
    author = "Chris Kelly",
    title   = "\href{http://www.reuters.com/article/2011/07/01/us-copper-antimicrobial-idUSTRE76031820110701}{Copper kills 97 percent of hospital ICU bacteria: study}",
    journal = "Reuters",
    year = "2011"
}


@article{Carbohydrates,
    title   = "\href{http://www.nlm.nih.gov/medlineplus/ency/article/002469.htm}{Carbohydrates}",
    journal = ".D.A.M Medical Encyclopedia",
    year = "2012"
}


@article{SugarCardiovascular,
    author = "Barbara V. Howard, Judith Wylie-Rosett",
    title   = "\href{http://circ.ahajournals.org/content/106/4/523.full}{Sugar and Cardiovascular Disease}",
    journal = "Circulation, Vol. 106, Issue 4",
    year = "2002"
}

@article{EffectHoney,
    author = "Noori S. Al-Waili, Afruz Haq",
    title  = "\href{http://online.liebertpub.com/doi/abs/10.1089/jmf.2004.7.491}{Effect of Honey on Antibody Production Against Thymus-Dependent and Thymus-Independent Antigens in Primary and Secondary Immune Responses}",
    journal = "Journal of Medicinal Food, 7(4)",
    year = "2004",
    pages = "491--494"
}

@article{HoneyMicrobial,
    author = "Noori S. Al-Waili, et.al",
    title   = "\href{http://online.liebertpub.com/doi/abs/10.1089/jmf.2010.0161}{Honey and Microbial Infections: A Review Supporting the Use of Honey for Microbial Control}",
    journal = "Journal of Medicinal Food, 14(10)",
    year = "2011"
}



